@techreport{tforce2005,
	title={High Performance Microchip Supply},
	author={{D}efense Science Board Task Force},
	year={2005},
	instituition={Office of the Under Secretary of Defense for Acquisition, Technology, and Logistics}
}

@techreport{commerce2010,
	title={Defense Industrial Base Assessment : Counterfeit Electronics},
	author={{U}nited States Department of Commerce Bureau of Industry and Security Office of Technology Evaluation},
	year={2010}
}

@conference{ tehranipoor2010survey,
	title={A Survey of Hardware Trojan Taxonomy and Detection},
	author={Tehranipoor, M and Koushanfar, F},
	journal={Design \& Test of Computers, IEEE},
	volume={27},
	number={1},
	pages={10--25},
	year={2010},
	publisher={IEEE}
}


%4
@inproceedings{agrawal2007trojan,
	title={Trojan detection using IC fingerprinting},
	author={Agrawal, Dakshi and Baktir, Selcuk and Karakoyunlu, Deniz and Rohatgi, Pankaj and Sunar, Berk},
	booktitle={Security and Privacy, 2007. SP'07. IEEE Symposium on},
	pages={296--310},
	year={2007},
	organization={IEEE}
}

%5
@article{rad2010sensitivity,
	title={A sensitivity analysis of power signal methods for detecting hardware Trojans under real process and environmental conditions},
	author={Rad, Reza and Plusquellic, Jim and Tehranipoor, Mohammad},
	journal={Very Large Scale Integration (VLSI) Systems, IEEE Transactions on},
	volume={18},
	number={12},
	pages={1735--1744},
	year={2010},
	publisher={IEEE}
}

%6
@inproceedings{wang2008hardware,
	title={Hardware Trojan detection and isolation using current integration and localized current analysis},
	author={Wang, Xiaoxiao and Salmani, Hassan and Tehranipoor, Mohammad and Plusquellic, Jim},
	booktitle={Defect and Fault Tolerance of VLSI Systems, 2008. DFTVS'08. IEEE International Symposium on},
	pages={87--95},
	year={2008},
	organization={IEEE}
}

%7
@inproceedings{jin2008hardware,
	title={Hardware Trojan detection using path delay fingerprint},
	author={Jin, Yier and Makris, Yiorgos},
	booktitle={Hardware-Oriented Security and Trust, 2008. HOST 2008. IEEE International Workshop on},
	pages={51--57},
	year={2008},
	organization={IEEE}
}

%8
@inproceedings{li2008speed,
	title={At-speed delay characterization for IC authentication and Trojan horse detection},
	author={Li, Jie and Lach, John},
	booktitle={Hardware-Oriented Security and Trust, 2008. HOST 2008. IEEE International Workshop on},
	pages={8--14},
	year={2008},
	organization={IEEE}
}

%9
@inproceedings{jha2008randomization,
	title={Randomization based probabilistic approach to detect trojan circuits},
	author={Jha, Sumit},
	booktitle={High Assurance Systems Engineering Symposium, 2008. HASE 2008. 11th IEEE},
	pages={117--124},
	year={2008},
	organization={IEEE}
}

%10
@inproceedings{banga2008region,
	title={A region based approach for the identification of hardware Trojans},
	author={Banga, Mainak and Hsiao, Michael S},
	booktitle={Hardware-Oriented Security and Trust, 2008. HOST 2008. IEEE International Workshop on},
	pages={40--47},
	year={2008},
	organization={IEEE}
}

%11
@inproceedings{wolff2008towards,
	title={Towards Trojan-free trusted ICs: Problem analysis and detection scheme},
	author={Wolff, Francis and Papachristou, Chris and Bhunia, Swarup and Chakraborty, Rajat S},
	booktitle={Proceedings of the conference on Design, automation and test in Europe},
	pages={1362--1365},
	year={2008},
	organization={ACM}
}

%12
@article{salmani2012novel,
	title={A novel technique for improving hardware trojan detection and reducing trojan activation time},
	author={Salmani, Hassan and Tehranipoor, Mohammad and Plusquellic, Jim},
	journal={Very Large Scale Integration (VLSI) Systems, IEEE Transactions on},
	volume={20},
	number={1},
	pages={112--125},
	year={2012},
	publisher={IEEE}
}


%13
@inproceedings{wang2008detecting,
	title={Detecting malicious inclusions in secure hardware: Challenges and solutions},
	author={Wang, Xiaoxiao and Tehranipoor, Mohammad and Plusquellic, Jim},
	booktitle={Hardware-Oriented Security and Trust, 2008. HOST 2008. IEEE International Workshop on},
	pages={15--19},
	year={2008},
	organization={IEEE}
}

%14
@inproceedings{abramovici2009integrated,
	title={Integrated circuit security: new threats and solutions},
	author={Abramovici, Miron and Bradley, Paul},
	booktitle={Proceedings of the 5th Annual Workshop on Cyber Security and Information Intelligence Research: Cyber Security and Information Intelligence Challenges and Strategies},
	pages={55},
	year={2009},
	organization={ACM}
}

%15
@inproceedings{kim2009trojan,
	title={A Trojan-resistant system-on-chip bus architecture},
	author={Kim, Lok-Won and Villasenor, John D and Ko{\c{c}}, Cetin K},
	booktitle={Military Communications Conference, 2009. MILCOM 2009. IEEE},
	pages={1--6},
	year={2009},
	organization={IEEE}
}

%16
@inproceedings{salmani2009new,
	title={New design strategy for improving hardware trojan detection and reducing trojan activation time},
	author={Salmani, Hassan and Tehranipoor, Mohammad and Plusquellic, Jim},
	booktitle={Hardware-Oriented Security and Trust, 2009. HOST'09. IEEE International Workshop on},
	pages={66--73},
	year={2009},
	organization={IEEE}
}

%17
@inproceedings{banga2009vitamin,
	title={VITAMIN: Voltage inversion technique to ascertain malicious insertions in ICs},
	author={Banga, Mainak and Hsiao, Michael S},
	booktitle={Hardware-Oriented Security and Trust, 2009. HOST'09. IEEE International Workshop on},
	pages={104--107},
	year={2009},
	organization={IEEE}
}

%18
@inproceedings{chakraborty2009security,
	title={Security against hardware Trojan through a novel application of design obfuscation},
	author={Chakraborty, Rajat Subhra and Bhunia, Swarup},
	booktitle={Proceedings of the 2009 International Conference on Computer-Aided Design},
	pages={113--116},
	year={2009},
	organization={ACM}
}

%19
@inproceedings{jin2010dftt,
	title={DFTT: design for Trojan test},
	author={Jin, Yier and Kupp, Nathan and Makris, Yiorgos},
	booktitle={Electronics, Circuits, and Systems (ICECS), 2010 17th IEEE International Conference on},
	pages={1168--1171},
	year={2010},
	organization={IEEE}
}


%20
@inproceedings{drzevitzky2009proof,
	title={Proof-carrying hardware: Towards runtime verification of reconfigurable modules},
	author={Drzevitzky, Stephanie and Kastens, Uwe and Platzner, Marco},
	booktitle={Reconfigurable Computing and FPGAs, 2009. ReConFig'09. International Conference on},
	pages={189--194},
	year={2009},
	organization={IEEE}
}

%21
@inproceedings{love2011enhancing,
	title={Enhancing security via provably trustworthy hardware intellectual property},
	author={Love, Eric and Jin, Yier and Makris, Yiorgos},
	booktitle={Hardware-Oriented Security and Trust (HOST), 2011 IEEE International Symposium on},
	pages={12--17},
	year={2011},
	organization={IEEE}
}

%22
@article{karri2010trustworthy,
	title={Trustworthy hardware: Identifying and classifying hardware trojans},
	author={Karri, Ramesh and Rajendran, Jeyavijayan and Rosenfeld, Kurt and Tehranipoor, Mohammad},
	journal={Computer},
	volume={43},
	number={10},
	pages={39--46},
	year={2010},
	publisher={IEEE Computer Society}
}


%23
@inproceedings{rad2008power,
	title={Power supply signal calibration techniques for improving detection resolution to hardware Trojans},
	author={Rad, Reza M and Wang, Xiaoxiao and Tehranipoor, Mohammad and Plusquellic, Jim},
	booktitle={Proceedings of the 2008 IEEE/ACM International Conference on Computer-Aided Design},
	pages={632--639},
	year={2008},
	organization={IEEE Press}
}


%24
@inproceedings{chakraborty2009hardware,
	title={Hardware Trojan: Threats and emerging solutions},
	author={Chakraborty, Rajat Subhra and Narasimhan, Seetharam and Bhunia, Swarup},
	booktitle={High Level Design Validation and Test Workshop, 2009. HLDVT 2009. IEEE International},
	pages={166--171},
	year={2009},
	organization={IEEE}
}


%25
@article{chen2008hardware,
	title={Hardware trojan designs on basys fpga board},
	author={Chen, Zhimin and Guo, Xu and Nagesh, Raghunandan and Reddy, Anand and Gora, Michael and Maiti, Abhranil},
	journal={Embedded System Challenge Contest in Cyber Security Awareness Week-CSAW},
	volume={2008},
	year={2008}
}



%26
@incollection{lin2009trojan,
	title={Trojan side-channels: Lightweight hardware trojans through side-channel engineering},
	author={Lin, Lang and Kasper, Markus and G{\"u}neysu, Tim and Paar, Christof and Burleson, Wayne},
	booktitle={Cryptographic Hardware and Embedded Systems-CHES 2009},
	pages={382--395},
	year={2009},
	publisher={Springer}
}


%27
@inproceedings{torrance2007reverse,
	title={Reverse engineering in the semiconductor industry},
	author={Torrance, Randy and James, Dick},
	booktitle={Custom Integrated Circuits Conference, 2007. CICC'07. IEEE},
	pages={429--436},
	year={2007},
	organization={IEEE}
}


%28
@inproceedings{rai2009performance,
	title={Performance of delay-based Trojan detection techniques under parameter variations},
	author={Rai, Devendra and Lach, John},
	booktitle={Hardware-Oriented Security and Trust, 2009. HOST'09. IEEE International Workshop on},
	pages={58--65},
	year={2009},
	organization={IEEE}
}


%29
@article{aarestad2010detecting,
	title={Detecting Trojans Through Leakage Current Analysis Using Multiple Supply Pad s},
	author={Aarestad, Jim and Acharyya, Dhruva and Rad, Reza and Plusquellic, Jim},
	journal={Information Forensics and Security, IEEE Transactions on},
	volume={5},
	number={4},
	pages={893--904},
	year={2010},
	publisher={IEEE}
}


%30
@inproceedings{alkabani2009consistency,
	title={Consistency-based characterization for IC Trojan detection},
	author={Alkabani, Yousra and Koushanfar, Farinaz},
	booktitle={Proceedings of the 2009 International Conference on Computer-Aided Design},
	pages={123--127},
	year={2009},
	organization={ACM}
}


%31
@inproceedings{potkonjak2009hardware,
	title={Hardware Trojan horse detection using gate-level characterization},
	author={Potkonjak, Miodrag and Nahapetian, Ani and Nelson, Michael and Massey, Tammara},
	booktitle={Design Automation Conference, 2009. DAC'09. 46th ACM/IEEE},
	pages={688--693},
	year={2009},
	organization={IEEE}
}


%32
@inproceedings{banga2009novel,
	title={A novel sustained vector technique for the detection of hardware Trojans},
	author={Banga, Mainak and Hsiao, Michael S},
	booktitle={VLSI Design, 2009 22nd International Conference on},
	pages={327--332},
	year={2009},
	organization={IEEE}
}


%33
@inproceedings{salmani2010layout,
	title={A layout-aware approach for improving localized switching to detect hardware Trojans in integrated circuits},
	author={Salmani, Hassan and Tehranipoor, Mohammad and Plusquellic, Jim},
	booktitle={Information Forensics and Security (WIFS), 2010 IEEE International Workshop on},
	pages={1--6},
	year={2010},
	organization={IEEE}
}


%34
@incollection{du2010self,
	title={Self-referencing: a scalable side-channel approach for hardware trojan detection},
	author={Du, Dongdong and Narasimhan, Seetharam and Chakraborty, Rajat Subhra and Bhunia, Swarup},
	booktitle={Cryptographic Hardware and Embedded Systems, CHES 2010},
	pages={173--187},
	year={2010},
	publisher={Springer}
}


%35
@inproceedings{narasimhan2010multiple,
	title={Multiple-parameter side-channel analysis: a non-invasive hardware Trojan detection approach},
	author={Narasimhan, Seetharam and Du, Dongdong and Chakraborty, Rajat Subhra and Paul, Somnath and Wolff, Francis and Papachristou, Christos and Roy, Kaushik and Bhunia, Swarup},
	booktitle={Hardware-Oriented Security and Trust (HOST), 2010 IEEE International Symposium on},
	pages={13--18},
	year={2010},
	organization={IEEE}
}


%36
@book{tehranipoor2012introduction,
	title={Introduction to hardware security and trust},
	author={Tehranipoor, Mohammad and Wang, Cliff},
	year={2012},
	publisher={Springer}
}


%37
@incollection{chakraborty2009mero,
	title={MERO: A statistical approach for hardware Trojan detection},
	author={Chakraborty, Rajat Subhra and Wolff, Francis and Paul, Somnath and Papachristou, Christos and Bhunia, Swarup},
	booktitle={Cryptographic Hardware and Embedded Systems-CHES 2009},
	pages={396--410},
	year={2009},
	publisher={Springer}
}


%38
@inproceedings{borkar2003parameter,
	title={Parameter variations and impact on circuits and microarchitecture},
	author={Borkar, Shekhar and Karnik, Tanay and Narendra, Siva and Tschanz, Jim and Keshavarzi, Ali and De, Vivek},
	booktitle={Proceedings of the 40th annual Design Automation Conference},
	pages={338--342},
	year={2003},
	organization={ACM}
}


%39
@article{pomeranz2004measure,
	title={A measure of quality for n-detection test sets},
	author={Pomeranz, Irith and Reddy, Sudhakar M},
	journal={Computers, IEEE Transactions on},
	volume={53},
	number={11},
	pages={1497--1503},
	year={2004},
	publisher={IEEE}
}


%40
@inproceedings{chakraborty2008demand,
	title={On-demand transparency for improving hardware Trojan detectability},
	author={Chakraborty, Rajat Subhra and Paul, Somnath and Bhunia, Swarup},
	booktitle={Hardware-Oriented Security and Trust, 2008. HOST 2008. IEEE International Workshop on},
	pages={48--50},
	year={2008},
	organization={IEEE}
}


%41
@inproceedings{rajendran2011design,
	title={Design and analysis of ring oscillator based Design-for-Trust technique},
	author={Rajendran, Jeyavijayan and Jyothi, Vinayaka and Sinanoglu, Ozgur and Karri, Ramesh},
	booktitle={VLSI Test Symposium (VTS), 2011 IEEE 29th},
	pages={105--110},
	year={2011},
	organization={IEEE}
}


%42
@article{zhang2013detection,
	title={Detection of trojans using a combined ring oscillator network and off-chip transient power analysis},
	author={Zhang, Xuehui and Ferraiuolo, Andrew and Tehranipoor, Mohammad},
	journal={ACM Journal on Emerging Technologies in Computing Systems (JETC)},
	volume={9},
	number={3},
	pages={25},
	year={2013},
	publisher={ACM}
}


%43
@inproceedings{bloom2009support,
	title={OS support for detecting Trojan circuit attacks},
	author={Bloom, Gedare and Narahari, Bhagirath and Simha, Rahul},
	booktitle={Hardware-Oriented Security and Trust, 2009. HOST'09. IEEE International Workshop on},
	pages={100--103},
	year={2009},
	organization={IEEE}
}


%44
@inproceedings{hicks2010overcoming,
	title={Overcoming an untrusted computing base: Detecting and removing malicious hardware automatically},
	author={Hicks, Matthew and Finnicum, Murph and King, Samuel T and Martin, Milo and Smith, Jonathan M},
	booktitle={Security and Privacy (SP), 2010 IEEE Symposium on},
	pages={159--172},
	year={2010},
	organization={IEEE}
}


%45
@inproceedings{mcintyre2009dynamic,
	title={Dynamic evaluation of hardware trust},
	author={McIntyre, D and Wolff, F and Papachristou, C and Bhunia, Swarup and Weyer, D},
	booktitle={Hardware-Oriented Security and Trust, 2009. HOST'09. IEEE International Workshop on},
	pages={108--111},
	year={2009},
	organization={IEEE}
}


%46
@article{hsiaotrust,
	title={On Trust in Third-Party Hardware IPs},
	author={Hsiao, Michael S and Tehranipoor, Mohammad}
}


%47
@article{arlat2003comparison,
	title={Comparison of physical and software-implemented fault injection techniques},
	author={Arlat, Jean and Crouzet, Yves and Karlsson, Johan and Folkesson, Peter and Fuchs, Emmerich and Leber, G{\"u}nther H},
	journal={Computers, IEEE Transactions on},
	volume={52},
	number={9},
	pages={1115--1133},
	year={2003},
	publisher={IEEE}
}


%48
@article{normand1996single,
	title={Single-event effects in avionics},
	author={Normand, Eugene},
	journal={Nuclear Science, IEEE Transactions on},
	volume={43},
	number={2},
	pages={461--474},
	year={1996},
	publisher={IEEE}
}


%49
@incollection{johansson1994single,
	title={On single event upset error manifestation},
	author={Johansson, Rolf},
	booktitle={Dependable Computing—EDCC-1},
	pages={217--231},
	year={1994},
	publisher={Springer}
}


%50
@article{buchner1987laser,
	title={Laser simulation of single event upsets},
	author={Buchner, SP and Wilson, D and Kang, K and Gill, D and Mazer, JA and Raburn, WD and Campbell, AB and Knudson, AR},
	journal={Nuclear Science, IEEE Transactions on},
	volume={34},
	number={6},
	pages={1227--1233},
	year={1987},
	publisher={IEEE}
}


%51
@article{buchner1990pulsed,
	title={Pulsed laser-induced SEU in integrated circuits: A practical method for hardness assurance testing},
	author={Buchner, S and Kang, K and Stapor, WJ and Campbell, AB and Knudson, AR and McDonald, P and Rivet, S},
	journal={Nuclear Science, IEEE Transactions on},
	volume={37},
	number={6},
	pages={1825--1831},
	year={1990},
	publisher={IEEE}
}


%52
@inproceedings{pouget2007tools,
	title={Tools and methodology development for pulsed laser fault injection in SRAM-based FPGAs},
	author={Pouget, V and Douin, A and Lewis, D and Fouillat, P and Foucard, G and Peronnard, P and Maingot, V and Ferron, JB and Anghel, L and Leveugle, R and others},
	booktitle={8th Latin-American Test Workshop (LATW). Citeseer},
	year={2007},
	organization={Citeseer}
}


%53
@article{wan2007depth,
	title={In-depth resolution for LBIC technique by two-photon absorption},
	author={Wan, D and Pouget, Vincent and Douin, Alexandre and Jaulent, Patrice and Lewis, Dean and Fouillat, Pascal},
	journal={Semiconductors},
	volume={41},
	number={4},
	pages={371--375},
	year={2007},
	publisher={Springer}
}


%54
@inproceedings{lu2013laser,
	title={Laser-Induced Fault Simulation},
	author={Lu, Feng and Di Natale, Giorgio and Flottes, Marie-Lise and Rouzeyre, Bruno},
	booktitle={Digital System Design (DSD), 2013 Euromicro Conference on},
	pages={609--614},
	year={2013},
	organization={IEEE}
}


%55
@article{adee2008hunt,
	title={The hunt for the kill switch},
	author={Adee, Sally},
	journal={Spectrum, IEEE},
	volume={45},
	number={5},
	pages={34--39},
	year={2008},
	publisher={IEEE}
}


%56
@inproceedings{banga2010trusted,
	title={Trusted RTL: Trojan detection methodology in pre-silicon designs},
	author={Banga, Mainak and Hsiao, Michael S},
	booktitle={Hardware-Oriented Security and Trust (HOST), 2010 IEEE International Symposium on},
	pages={56--59},
	year={2010},
	organization={IEEE}
}



%57
@inproceedings{jin2009experiences,
	title={Experiences in hardware Trojan design and implementation},
	author={Jin, Yier and Kupp, Nathan and Makris, Yiorgos},
	booktitle={Hardware-Oriented Security and Trust, 2009. HOST'09. IEEE International Workshop on},
	pages={50--57},
	year={2009},
	organization={IEEE}
}









